@misc{fft,
  title={Cal {P}oly {G}ithub},
  note={\url{http://www.github.com/CalPoly}}
}

@ARTICLE{accuracy_performance_of_star_trackers,
  author={Liebe, C.C.},
  journal={IEEE Transactions on Aerospace and Electronic Systems}, 
  title={Accuracy performance of star trackers - a tutorial}, 
  year={2002},
  volume={38},
  number={2},
  pages={587-599},
  doi={10.1109/TAES.2002.1008988}}

@article{optical_system_error_analysis_and_calibration,
author = {Sun, Ting and Xing, Fei and You, Zheng},
year = {2013},
month = {04},
pages = {4598-623},
title = {Optical System Error Analysis and Calibration Method of High-Accuracy Star Trackers},
volume = {13},
journal = {Sensors (Basel, Switzerland)},
doi = {10.3390/s130404598}
}

@ARTICLE{radiometric_ccd_camera_calibration,

  author={Healey, G.E. and Kondepudy, R.},

  journal={IEEE Transactions on Pattern Analysis and Machine Intelligence}, 

  title={Radiometric CCD camera calibration and noise estimation}, 

  year={1994},

  volume={16},

  number={3},

  pages={267-276},

  doi={10.1109/34.276126}}

  @article{thermal_effects_in_optical_systems,
  title={Thermal effects in optical systems},
  author={Jamieson, Thomas H},
  journal={Optical Engineering},
  volume={20},
  number={2},
  pages={156--160},
  year={1981},
  publisher={SPIE}
}

